@book{webb2007game,
  title={Game theory: decisions, interaction and Evolution},
  author={Webb, James N},
  year={2007},
  publisher={Springer Science \& Business Media}
}

@book{maschler2020game,
  title={Game theory},
  author={Maschler, Michael and Zamir, Shmuel and Solan, Eilon},
  year={2020},
  publisher={Cambridge University Press}
}

@book{gusfield1989stable,
  title={The stable marriage problem: structure and algorithms},
  author={Gusfield, Dan and Irving, Robert W},
  year={1989},
  publisher={MIT press}
}

@article{roughgarden2010algorithmic,
  title={Algorithmic game theory},
  author={Roughgarden, Tim},
  journal={Communications of the ACM},
  volume={53},
  number={7},
  pages={78--86},
  year={2010},
  publisher={ACM New York, NY, USA}
}

@book{nisan2007algorithmic,
  author    = {Noam Nisan and Tim Roughgarden and Eva Tardos and Vijay V. Vazirani},
  title     = {Algorithmic Game Theory},
  editor    = {Noam Nisan and Tim Roughgarden and Eva Tardos and Vijay V. Vazirani},
  publisher = {Cambridge University Press},
  year      = {2007},
  isbn      = {978-0521872829},
  address   = {Cambridge, UK},
}

@book{roughgarden2002selfish,
  title={Selfish routing},
  author={Roughgarden, Timothy Avelin},
  year={2002},
  publisher={Cornell University}
}

@book{osborne2004introduction,
  title={An introduction to game theory},
  author={Osborne, Martin J and others},
  volume={3},
  number={3},
  year={2004},
  publisher={Springer}
}

@article{watson2002strategy,
  title={Strategy: an introduction to game theory},
  author={Watson, Joel},
  journal={(No Title)},
  year={2002}
}
<<<<<<< HEAD
<<<<<<< HEAD
=======

@book{gusfield1989stable,
  title={The stable marriage problem: structure and algorithms},
  author={Gusfield, Dan and Irving, Robert W},
  year={1989},
  publisher={MIT press}
}
>>>>>>> f8cec6c (Write general structure and introduction chapter.)
=======
>>>>>>> 0207b6e (Remove duplicate entry.)
